@article{Cortez2012,
  title={Multi-scale Internet traffic forecasting using neural networks and time series methods},
  author={Cortez, Paulo and Rio, Miguel and Rocha, Miguel and Sousa, Pedro},
  journal={Expert Systems},
  volume={29},
  number={2},
  pages={143--155},
  year={2012},
  publisher={Wiley Online Library}
}

@book{Box1976,
  title={Time series analysis: forecasting and control, revised ed},
  author={Box, George EP and Jenkins, Gwilym M},
  year={1976},
  publisher={Holden-Day}
}

@misc{Flask,
 title = {Flask micro web framework},
 howpublished = {\url{http://flask.pocoo.org/}},
 note = {Accessed: 2016-06-14}
}

@misc{PyPI,
 title = {PyPI -- the Python Package Index (Python software repository)},
 howpublished = {\url{https://pypi.python.org/pypi}},
 note = {Accessed: 2016-06-15}
}

@misc{Bootstrap,
 title = {Bootstrap front-end framework},
 howpublished = {\url{http://getbootstrap.com/}},
 note = {Accessed: 2016-06-14}
}

@misc{MetricsGraphics,
 title = {MetricsGraphics.js },
 howpublished = {\url{http://metricsgraphicsjs.org/}},
 note = {Accessed: 2016-06-15}
}

@misc{TSDL,
 title = {Time Series Data Library},
 author={Hyndman, R.J.},
 howpublished = {\url{http://data.is/TSDLdemo/}},
 note = {Accessed: 2016-06-14}
}

@article{Nason2006,
  title={Stationary and non-stationary time series},
  author={Nason, GP},
  year={2006}
}

@InProceedings{ McKinney2010,
  author    = { Wes McKinney },
  title     = { Data Structures for Statistical Computing in Python },
  booktitle = { Proceedings of the 9th Python in Science Conference },
  pages     = { 51 - 56 },
  year      = { 2010 },
  editor    = { St\'efan van der Walt and Jarrod Millman }
}

@article{Dickey1979,
author = { David A.   Dickey  and  Wayne A.   Fuller },
title = {Distribution of the Estimators for Autoregressive Time Series with a Unit Root},
journal = {Journal of the American Statistical Association},
volume = {74},
number = {366a},
pages = {427-431},
year = {1979},
doi = {10.1080/01621459.1979.10482531},
}
